@misc{tisch2024,
  title     = {How Common Is a Brain Tumor},
  author    = {{The Preston Robert Tisch Brain Tumor Center}},
  year      = {2024},
  note      = {Accessed May 28, 2025},
  url       = {https://tischbraintumorcenter.duke.edu/blog/how-common-brain-tumor}
}

@article{ilic2023,
  author    = {Ilic, I. and Ilic, M.},
  title     = {International patterns and trends in the brain cancer incidence and mortality: An observational study based on the global burden of disease},
  journal   = {Heliyon},
  volume    = {9},
  number    = {7},
  pages     = {e18222},
  year      = {2023},
  doi       = {10.1016/j.heliyon.2023.e18222}
}

@article{ioffe2015batch,
  title={Batch normalization: Accelerating deep network training by reducing internal covariate shift},
  author={Ioffe, Sergey and Szegedy, Christian},
  journal={Proceedings of the 32nd International Conference on Machine Learning},
  pages={448--456},
  year={2015}
}

@incollection{razzak2018,
  author    = {Razzak, M.I. and Naz, S. and Zaib, A.},
  title     = {Deep Learning for Medical Image Processing: Overview, Challenges and the Future},
  booktitle = {Classification in BioApps},
  editor    = {Dey, N. and Ashour, A. and Borra, S.},
  series    = {Lecture Notes in Computational Vision and Biomechanics},
  volume    = {26},
  publisher = {Springer, Cham},
  year      = {2018},
  doi       = {10.1007/978-3-319-65981-7_12}
}

@article{zohra2024,
  author    = {F. Zohra and others},
  title     = {Image Segmentation and Classification Using Neural Network},
  journal   = {arXiv preprint},
  year      = {2024},
  note      = {Available at: https://arxiv.org/abs/placeholder} 
}

@article{srinivasan2024,
  author    = {S. Srinivasan and B. Babu Vimala and S. Mathivanan and others},
  title     = {A Hybrid Deep CNN Model for Brain Tumor Image Multi-Classification},
  journal   = {Scientific Reports},
  volume    = {14},
  pages     = {23029},
  year      = {2024}
}

@conference{aksoy2025,
  author    = {S. Aksoy},
  title     = {Brain Tumor Detection and Classification via VGG16-Based Deep Learning on MRI Imaging},
  booktitle = {Proceedings of [Conference Name]}, 
  year      = {2025},
  note      = {Under review}
}

@article{mathivanan2024,
  author    = {S. Mathivanan and S. Sonaimuthu and S. Murugesan and others},
  title     = {Employing Deep Learning and Transfer Learning for Accurate Brain Tumor Detection},
  journal   = {Scientific Reports},
  volume    = {14},
  pages     = {7232},
  year      = {2024}
}

@article{babu2023,
  author    = {B. Babu Vimala and S. Srinivasan and S. Mathivanan and others},
  title     = {Detection and Classification of Brain Tumor Using Hybrid Deep Learning Models},
  journal   = {Scientific Reports},
  volume    = {13},
  pages     = {23029},
  year      = {2023}
}

@article{khaliki2024,
  author    = {M. Khaliki and M. Ba≈üarslan},
  title     = {Brain Tumor Detection from Images and Comparison with Transfer Learning Methods and 3-Layer CNN},
  journal   = {Scientific Reports},
  volume    = {14},
  number    = {1},
  pages     = {2664},
  year      = {2024}
}

@article{krizhevsky2012imagenet,
  title={ImageNet classification with deep convolutional neural networks},
  author={Krizhevsky, Alex and Sutskever, Ilya and Hinton, Geoffrey E},
  journal={Advances in Neural Information Processing Systems},
  volume={25},
  pages={1097--1105},
  year={2012}
}

@article{srivastava2014dropout,
  title={Dropout: A simple way to prevent neural networks from overfitting},
  author={Srivastava, Nitish and Hinton, Geoffrey and Krizhevsky, Alex and Sutskever, Ilya and Salakhutdinov, Ruslan},
  journal={Journal of Machine Learning Research},
  volume={15},
  number={1},
  pages={1929--1958},
  year={2014}
}

@misc{geeksforgeeks_bcrypt,
  author       = {GeeksforGeeks},
  title        = {NPM bcrypt},
  year         = {2024},
  url          = {https://www.geeksforgeeks.org/node-js/npm-bcrypt/},
  note         = {Accessed: 2025-09-03}
}

@misc{jwtio_introduction,
  author       = {JWT.io},
  title        = {Introduction to JSON Web Tokens},
  year         = {2024},
  url          = {https://www.jwt.io/introduction#what-is-json-web-token},
  note         = {Accessed: 2025-09-03}
}
